@misc{RustIssue28979,
  title = {Rust Issue \#28979: tracking issue for non-ASCII identifiers},
  note = {\url{https://github.com/rust-lang/rust/issues/28979}}
}

@misc{RustRFC0911,
  title = {Rust {R}{F}{C} \#0911: const fn},
  note = {\url{https://github.com/rust-lang/rfcs/blob/master/text/0911-const-fn.md}}
}

@misc{RustRFC0195,
  title = {Rust {R}{F}{C} \#0195: associated items},
  note = {\url{https://github.com/rust-lang/rfcs/blob/master/text/0195-associated-items.md}}
}

@misc{RustRFC1444,
  title = {Rust {R}{F}{C} \#1444: union},
  note = {\url{https://github.com/rust-lang/rfcs/blob/master/text/1444-union.md}}
}

@misc{RustRFC1685,
  title = {Rust {R}{F}{C} \#1685: deprecate anonymous parameters},
  note = {\url{https://github.com/rust-lang/rfcs/blob/master/text/1685-deprecate-anonymous-parameters.md}}
}


@techreport{UAX31-25,
  author = {Davis, Mark},
  title = {{U}{A}{X} \#31: Unicode Identifier and Pattern Syntax},
  edition = {25},
  institution = {Unicode Inc.},
  year = {2016},
  note = {\url{http://www.unicode.org/reports/tr31/tr31-25.html}}
}

@techreport{UAX44-18,
  author = {Davis, Mark and
            Iancu, Lauren»õiu and
            Whistler, Ken},
  title = {{U}{A}{X} \#44: Unicode Character Database},
  edition = {18},
  institution = {Unicode Inc.},
  year = {2016},
  note = {\url{http://www.unicode.org/reports/tr44/tr44-18.html}}
}
